<record><leader>00000cas a2200000 a 4500</leader><controlfield tag="001">42103861</controlfield><controlfield tag="008">990816d19611962caumr ne      0    0eng c</controlfield><datafield ind1=" " ind2=" " tag="010"><subfield code="a">sn2008060103</subfield></datafield><datafield ind1=" " ind2=" " tag="040"><subfield code="a">JTH</subfield><subfield code="b">eng</subfield><subfield code="c">JTH</subfield><subfield code="d">CNK</subfield><subfield code="d">OCLCQ</subfield><subfield code="d">OCLCF</subfield><subfield code="d">OCLCO</subfield></datafield><datafield ind1=" " ind2=" " tag="042"><subfield code="a">pcc</subfield></datafield><datafield ind1=" " ind2=" " tag="043"><subfield code="a">n-us-ca</subfield></datafield><datafield ind1="0" ind2="4" tag="245"><subfield code="a">The Sonoman.</subfield></datafield><datafield ind1=" " ind2=" " tag="260"><subfield code="a">Cotati, Calif. :</subfield><subfield code="b">Associated Students of Sonoma State College</subfield></datafield><datafield ind1=" " ind2=" " tag="300"><subfield code="a">v. :</subfield><subfield code="b">ill.</subfield></datafield><datafield ind1=" " ind2=" " tag="310"><subfield code="a">Monthly,</subfield><subfield code="b">May 25, 1962-</subfield></datafield><datafield ind1=" " ind2=" " tag="321"><subfield code="a">Every third week,</subfield><subfield code="b">July 10, 1961-&lt;Oct. 27, 1961&gt;</subfield></datafield><datafield ind1="0" ind2=" " tag="362"><subfield code="a">Vol. 1, no. 1 (July 10, 1961)-</subfield></datafield><datafield ind1="1" ind2=" " tag="362"><subfield code="a">Ceased in 1962.</subfield></datafield><datafield ind1="2" ind2="0" tag="610"><subfield code="a">Sonoma State College.</subfield></datafield><datafield ind1=" " ind2="0" tag="650"><subfield code="a">College students</subfield><subfield code="z">California</subfield><subfield code="v">Newspapers.</subfield></datafield><datafield ind1=" " ind2="0" tag="651"><subfield code="a">Cotati (Calif.)</subfield><subfield code="v">Newspapers.</subfield></datafield><datafield ind1=" " ind2="7" tag="655"><subfield code="a">Newspapers.</subfield><subfield code="2">fast</subfield><subfield code="0">(OCoLC)fst01423814</subfield></datafield><datafield ind1="2" ind2="7" tag="610"><subfield code="a">Sonoma State College.</subfield><subfield code="2">fast</subfield><subfield code="0">(OCoLC)fst00562509</subfield></datafield><datafield ind1=" " ind2="7" tag="650"><subfield code="a">College students.</subfield><subfield code="2">fast</subfield><subfield code="0">(OCoLC)fst00867976</subfield></datafield><datafield ind1=" " ind2="7" tag="651"><subfield code="a">California.</subfield><subfield code="2">fast</subfield><subfield code="0">(OCoLC)fst01204928</subfield></datafield><datafield ind1=" " ind2="7" tag="651"><subfield code="a">California</subfield><subfield code="z">Cotati.</subfield><subfield code="2">fast</subfield><subfield code="0">(OCoLC)fst01213986</subfield></datafield><datafield ind1=" " ind2=" " tag="752"><subfield code="a">United States</subfield><subfield code="b">California</subfield><subfield code="c">Sonoma</subfield><subfield code="d">Cotati.</subfield></datafield><datafield ind1="0" ind2="0" tag="785"><subfield code="t">Cossack steppes</subfield><subfield code="w">(DLC)sn2008060105</subfield></datafield></record>